<?xml version="1.0" encoding="UTF-8"?><collection xmlns="http://www.loc.gov/MARC21/slim"><record><leader>00315nam--2200133-i-4500</leader><controlfield tag="001">000020625</controlfield><controlfield tag="002">20161230</controlfield><controlfield tag="005">20161230201033</controlfield><controlfield tag="008">060222s1000------------r-----000-0-eng-d</controlfield><datafield ind1=" " ind2=" " tag="020"><subfield code="a">92-9092-</subfield></datafield><datafield ind1=" " ind2=" " tag="080"><subfield code="a">341.16:520.605 ESA</subfield></datafield><datafield ind1=" " ind2=" " tag="245"><subfield code="a">Ers user handbook</subfield></datafield><datafield ind1=" " ind2=" " tag="260"><subfield code="a">European Space Agency, 1993 129 P</subfield></datafield><datafield ind1=" " ind2=" " tag="852"><subfield code="a">80505</subfield></datafield></record></collection>